
%% sds:parsercombinators
@inproceedings{swierstra01combinatorparsers,
	Author = {S. D. Swierstra},
	Booktitle = {Electronic Notes in Theoretical Computer Science},
	Editor = {Graham Hutton},
	Issue = {1},
	Pubcat = {external},
	Publisher = {Elsevier Science Publishers},
	Title = {Combinator Parsers: From Toys to Tools},
	Url = {http://math.tulane.edu/~entcs/},
	Volume = {41},
	Year = {2001},
	Bdsk-Url-1 = {http://math.tulane.edu/~entcs/}}

%% hut
@misc{hutwebsite,
	Author = {S.~D. Swierstra and A. Rodriguez and A. Middelkoop and A.~I. Baars and A. Loeh et al.},
	Note = {\url{http://www.cs.uu.nl/wiki/HUT/WebHome}},
	Title = {The {H}askell {U}trecht {T}ools (HUT)}}

%% DS:exploiting
@techreport{dijkstra06exploiting,
	Author = {A. Dijkstra and S. D. Swierstra},
	Institution = {Department of Information and Computing Sciences, Utrecht University},
	Number = {UU-CS-2006-051},
	Pubcat = {techreport},
	Title = {Expoiting Type Annotations},
	Urlpdf = {{http://www.cs.uu.nl/research/techreps/repo/CS-2006/2006-051.pdf}},
	Year = 2006}

%% DowneyF98
@book{downey98parameterized,
	Author = {R. G. Downey and M. R. Fellows},
	Pubcat = {external},
	Publisher = {Springer},
	Title = {Parameterized Complexity},
	Year = {1998}}

@article{swierstra09construct,
  author = {S. D. Swierstra},
  title = {Construct Your Own Compiler with Attribute Grammars},
  journal = {Russian Journal on Scuba Diving},
  location = {Novosiborsk},
  publisher = {Cousteau Communications},
  year = {2009},
  month = {Dec}
  }
  
  
